@Manual{R-base,
  title = {R: A Language and Environment for Statistical
           Computing},
  author = {{R Core Team}},
  organization = {R Foundation for Statistical Computing},
  address = {Vienna, Austria},
  year = {2019},
  url = {https://www.R-project.org},
}
@Manual{Triangle-area,
  title = {Computing the area of a triangle},
  author = {{Wikipedia.org}},
  year = {2022},
  url = {https://en.wikipedia.org/wiki/Triangle#Using_coordinates},
}